<record><leader>00000cas a22000007a 4500</leader><controlfield tag="001">32577822</controlfield><controlfield tag="008">950531c19749999nyuwr ne      0    0eng d</controlfield><datafield ind1=" " ind2=" " tag="010"><subfield code="a">sn 95071177 </subfield></datafield><datafield ind1=" " ind2=" " tag="040"><subfield code="a">NYS</subfield><subfield code="b">eng</subfield><subfield code="c">NYS</subfield><subfield code="d">OCLCQ</subfield></datafield><datafield ind1=" " ind2=" " tag="042"><subfield code="a">msc</subfield></datafield><datafield ind1="0" ind2=" " tag="130"><subfield code="a">Record-advertiser (Kenmore, N.Y. : 1974)</subfield></datafield><datafield ind1="1" ind2="0" tag="245"><subfield code="a">Record-advertiser.</subfield></datafield><datafield ind1="1" ind2="7" tag="246"><subfield code="a">Kenmore record-advertiser</subfield></datafield><datafield ind1=" " ind2=" " tag="260"><subfield code="a">Kenmore, N.Y. :</subfield><subfield code="b">George R. Straka</subfield></datafield><datafield ind1=" " ind2=" " tag="300"><subfield code="a">v.</subfield></datafield><datafield ind1=" " ind2=" " tag="310"><subfield code="a">Weekly</subfield></datafield><datafield ind1="0" ind2=" " tag="362"><subfield code="a">Aug. 14, 1974-</subfield></datafield><datafield ind1=" " ind2=" " tag="500"><subfield code="a">Published in North Tonawanda, N.Y., 1992-</subfield></datafield><datafield ind1=" " ind2=" " tag="500"><subfield code="a">"Serving Kenmore, Town of Tonawanda ...," &lt;1992&gt;.</subfield></datafield><datafield ind1=" " ind2=" " tag="580"><subfield code="a">Daily ed.: Tonawanda news.</subfield></datafield><datafield ind1=" " ind2="4" tag="651"><subfield code="a">North Tonawanda (N.Y.)</subfield><subfield code="v">Newspapers.</subfield></datafield><datafield ind1=" " ind2="4" tag="651"><subfield code="a">Kenmore (N.Y.)</subfield><subfield code="v">Newspapers.</subfield></datafield><datafield ind1=" " ind2="4" tag="651"><subfield code="a">Tonawanda (N.Y. : Town)</subfield><subfield code="x">Newspapers</subfield><subfield code="y">&lt;1992&gt;</subfield></datafield><datafield ind1=" " ind2="4" tag="651"><subfield code="a">Erie County (N.Y.)</subfield><subfield code="v">Newspapers.</subfield></datafield><datafield ind1=" " ind2="4" tag="651"><subfield code="a">Niagara County (N.Y.)</subfield><subfield code="v">Newspapers.</subfield></datafield><datafield ind1=" " ind2=" " tag="752"><subfield code="a">United States</subfield><subfield code="b">New York</subfield><subfield code="c">Niagara</subfield><subfield code="d">North Tonawanda.</subfield></datafield><datafield ind1=" " ind2=" " tag="752"><subfield code="a">United States</subfield><subfield code="b">New York</subfield><subfield code="c">Erie</subfield><subfield code="d">Kenmore.</subfield></datafield><datafield ind1="1" ind2=" " tag="775"><subfield code="t">Tonawanda news</subfield><subfield code="w">(DLC)sn 88075689</subfield></datafield><datafield ind1="0" ind2="0" tag="780"><subfield code="t">Kenmore record-advertiser</subfield><subfield code="w">(DLC)sn 94057539</subfield></datafield><datafield ind1="1" ind2=" " tag="029"><subfield code="a">AU@</subfield><subfield code="b">000011783128</subfield></datafield></record>